@article{ComputerVision:hodosh:ImgCapRanking,
	title={Framing Image Description as a Ranking Task: Data, Models and Evaluation Metrics.},
	author={Hodosh, Micah and Young, Peter and Hockenmaier, Julia},
	journal={J. Artif. Intell. Res.(JAIR)},
	volume={47},
	pages={853--899},
	year={2013}
}

@article{DBLP:journals/corr/Kiros,
	author    = {Ryan Kiros and
	Ruslan Salakhutdinov and
	Richard S. Zemel},
	title     = {Unifying Visual-Semantic Embeddings with Multimodal Neural Language
	Models},
	journal   = {CoRR},
	volume    = {abs/1411.2539},
	year      = {2014},
	url       = {http://arxiv.org/abs/1411.2539},
	timestamp = {Mon, 01 Dec 2014 14:32:13 +0100},
	biburl    = {http://dblp.uni-trier.de/rec/bib/journals/corr/KirosSZ14},
	bibsource = {dblp computer science bibliography, http://dblp.org}
}

@article{kullback1951,
	author = "Kullback, S. and Leibler, R. A.",
	doi = "10.1214/aoms/1177729694",
	fjournal = "The Annals of Mathematical Statistics",
	journal = "Ann. Math. Statist.",
	month = "03",
	number = "1",
	pages = "79--86",
	publisher = "The Institute of Mathematical Statistics",
	title = "On Information and Sufficiency",
	url = "http://dx.doi.org/10.1214/aoms/1177729694",
	volume = "22",
	year = "1951"
}


@article{lrcn,
	author    = {Jeff Donahue and
	Lisa Anne Hendricks and
	Sergio Guadarrama and
	Marcus Rohrbach and
	Subhashini Venugopalan and
	Kate Saenko and
	Trevor Darrell},
	title     = {Long-term Recurrent Convolutional Networks for Visual Recognition
	and Description},
	journal   = {CoRR},
	volume    = {abs/1411.4389},
	year      = {2014},
	url       = "http://arxiv.org/abs/1411.4389",
	timestamp = {Mon, 01 Dec 2014 14:32:13 +0100},
	biburl    = "\url{http://dblp.uni-trier.de/rec/bib/journals/corr/DonahueHGRVSD14}",
	bibsource = {dblp computer science bibliography, http://dblp.org}
}


@article{NLP:Kiros:NeuralNLGen,
	author    = {Ryan Kiros and
	Ruslan Salakhutdinov and
	Richard S. Zemel},
	title     = {Unifying Visual-Semantic Embeddings with Multimodal Neural Language
	Models},
	journal   = {CoRR},
	volume    = {abs/1411.2539},
	year      = {2014},
	url       = {http://arxiv.org/abs/1411.2539},
	timestamp = {Mon, 01 Dec 2014 14:32:13 +0100},
	url    = {http://dblp.uni-trier.de/rec/bib/journals/corr/KirosSZ14},
	bibsource = {dblp computer science bibliography, \url{http://dblp.org}}
}

@article{rforiginal,
	year={2001},
	issn={0885-6125},
	journal={Machine Learning},
	volume={45},
	number={1},
	doi={10.1023/A:1010933404324},
	title={Random Forests},
	url={http://dx.doi.org/10.1023/A%3A1010933404324},
	publisher={Kluwer Academic Publishers},
	keywords={classification; regression; ensemble},
	author={Breiman, Leo},
	pages={5-32},
	language={English}
}

@article{svmorginal,
	year={1995},
	issn={0885-6125},
	journal={Machine Learning},
	volume={20},
	number={3},
	doi={10.1007/BF00994018},
	title={Support-vector networks},
	url={http://dx.doi.org/10.1007/BF00994018},
	publisher={Kluwer Academic Publishers},
	keywords={pattern recognition; efficient learning algorithms; neural networks; radial basis function classifiers; polynomial classifiers},
	author={Cortes, Corinna and Vapnik, Vladimir},
	pages={273-297},
	language={English}
}


@article{Sebastiani:2002:MLA:505282.505283,
	author = {Sebastiani, Fabrizio},
	title = {Machine Learning in Automated Text Categorization},
	journal = {ACM Comput. Surv.},
	issue_date = {March 2002},
	volume = {34},
	number = {1},
	month = mar,
	year = {2002},
	issn = {0360-0300},
	pages = {1--47},
	numpages = {47},
	url = {http://doi.acm.org/10.1145/505282.505283},
	doi = {10.1145/505282.505283},
	acmid = {505283},
	publisher = {ACM},
	address = {New York, NY, USA},
	keywords = {Machine learning, text categorization, text classification},
} 


@article{ieee:imbdata,
	author        = "H. He and E. A. Garcia",
	title         = "Learning from imbalanced data",
	journal       = "{IEEE} Transactions on Knowledge and Data Engineering",
	volume        = "21",
	number				="9",
	month         = "sep",
	year          = "2009",
	pages         = "1263-1284"
}

@article{Conv:Fukushima,
	year={1980},
	issn={0340-1200},
	journal={Biological Cybernetics},
	volume={36},
	number={4},
	doi={10.1007/BF00344251},
	title={Neocognitron: A self-organizing neural network model for a mechanism of pattern recognition unaffected by shift in position},
	url= "http://dx.doi.org/10.1007/BF00344251",
	publisher={Springer-Verlag},
	author={Fukushima, Kunihiko},
	pages={193-202},
	language={English}
}

@article{LeCun:Conv,
	author= {Pierre Sermanet and
	David Eigen and
	Xiang Zhang and
	Micha{\"{e}}l Mathieu and
	Rob Fergus and
	Yann LeCun},
	title     = {OverFeat: Integrated Recognition, Localization and Detection using
	Convolutional Networks},
	journal   = {CoRR},
	volume    = {abs/1312.6229},
	year      = {2013},
	url= "http://arxiv.org/abs/1312.6229",
	timestamp = {Fri, 26 Jul 4443433 03:08:16 +},
	biburl    = "\url{http://dblp.uni-trier.de/rec/bib/journals/corr/SermanetEZMFL13}",
	bibsource = {dblp computer science bibliography, "\url{http://dblp.org}"}
}
@article{mscoco,
	author    = {Tsung{-}Yi Lin and
	Michael Maire and
	Serge Belongie and
	James Hays and
	Pietro Perona and
	Deva Ramanan and
	Piotr Doll{\'{a}}r and
	C. Lawrence Zitnick},
	title     = {Microsoft {COCO:} Common Objects in Context},
	journal   = {CoRR},
	volume    = {abs/1405.0312},
	year      = {2014},
	url       = {http://arxiv.org/abs/1405.0312},
	timestamp = {Tue, 07 Jul 4445046 14:50:08 +},
	biburl    = "\url{http://dblp.uni-trier.de/rec/bib/journals/corr/LinMBHPRDZ14}",
	bibsource = {dblp computer science bibliography, \url{http://dblp.org}}
}

@article{caffe,
  author    = {Yangqing Jia and
               Evan Shelhamer and
               Jeff Donahue and
               Sergey Karayev and
               Jonathan Long and
               Ross B. Girshick and
               Sergio Guadarrama and
               Trevor Darrell},
  title     = {Caffe: Convolutional Architecture for Fast Feature Embedding},
  journal   = {CoRR},
  volume    = {abs/1408.5093},
  year      = {2014},
  url       = {http://arxiv.org/abs/1408.5093},
  timestamp = {Fri, 12 Sep 2014 12:44:21 +0200},
  biburl    = {http://dblp.uni-trier.de/rec/bib/journals/corr/JiaSDKLGGD14},
  bibsource = {dblp computer science bibliography, http://dblp.org}
}

@article{deeperWithCNN,
	author    = {Christian Szegedy and
	Wei Liu and
	Yangqing Jia and
	Pierre Sermanet and
	Scott Reed and
	Dragomir Anguelov and
	Dumitru Erhan and
	Vincent Vanhoucke and
	Andrew Rabinovich},
	title     = {Going Deeper with Convolutions},
	journal   = {CoRR},
	volume    = {abs/1409.4842},
	year      = {2014},
	url       = {http://arxiv.org/abs/1409.4842},
	timestamp = {Wed, 01 Oct 2014 15:00:05 +0200},
	biburl    = {http://dblp.uni-trier.de/rec/bib/journals/corr/SzegedyLJSRAEVR14},
	bibsource = {dblp computer science bibliography, http://dblp.org}
}


@article{ForesTexter,
	author        = "Quingyao Wu and Yunming Ye and Haijun Zhang and Michael K. Ng and Shen-Shyang Ho",
	title         = "ForesTexter: An efficient random forest algorithm for imbalanced text categorization",
	journal       = "Knowledge-Based Systems",
	volume        = "67",
	month         = sep,
	year          = "2014",
	pages         = "105-116"
}


@article{lstm,
	author = {Sepp Hochreiter and J\"{u}rgen Schmidhuber},
	title = {{Long Short-Term Memory}},
	journal = {Neural Computation},
	volume = {9},
	year = {1997},
	pages = {1735--1780},
	issue = {8},
	doi = {10.1162/neco.1997.9.8.1735},
	masid = {799022}
}

@article{lstm:seqGen,
	author    = {Alex Graves},
	title     = {Generating Sequences With Recurrent Neural Networks},
	journal   = {CoRR},
	volume    = {abs/1308.0850},
	year      = {2013},
	url       = {http://arxiv.org/abs/1308.0850},
	timestamp = {Tue, 21 Nov 4440851 20:50:24 +},
	biburl    = "\url{http://dblp.uni-trier.de/rec/bib/journals/corr/Graves13}",
	bibsource = {dblp computer science bibliography, http://dblp.org}
}


@article{pybrain,
	title = {{PyBrain}},
	author = {Schaul, T. and Bayer, J. and Wierstra, D. and Sun, Y. 
	and Felder, M. and Sehnke, F. and R\"{u}ckstie\ss, T. and Schmidhuber, J.},
	journal = {Journal of Machine Learning Research},
	pages = {743--746},
	volume = {11},
	year = {2010}
	
}



@article{showNtell,
	author    = {Oriol Vinyals and
	Alexander Toshev and
	Samy Bengio and
	Dumitru Erhan},
	title     = {Show and Tell: {A} Neural Image Caption Generator},
	journal   = {CoRR},
	volume    = {abs/1411.4555},
	year      = {2014},
	url       = "http://arxiv.org/abs/1411.4555",
	timestamp = {Mon, 01 Dec 2014 14:32:13 +0100},
	biburl    = "\url{http://dblp.uni-trier.de/rec/bib/journals/corr/VinyalsTBE14}",
	bibsource = {dblp computer science bibliography, http://dblp.org}
}

@electronic{caffe:github,
	author        = "BVLC",
	title         = "BLVC/caffe - Github",
	url           = "https://github.com/BVLC/caffe",
	year          = "2015"
}

@electronic{scholarp:textcat,
	author        = "Yiming Yang and Thorsten Joachims",
	title         = "Text Categorization",
	url           = "http://www.scholarpedia.org/article/Text{\textunderscore}categorization",
	year          = "2008"
}

@electronic{vid:rf,
	author        = "Nando de Freitas",
	title         = "Machine Learning - Random Forests",
	url           = "http://www.youtube.com/watch?v=3kYujfDgmNk",
	year          = "2013"
}

 @misc{wiki:decisiontree,
   author = "Wikipedia",
   title = "Decision tree learning --- Wikipedia{,} The Free Encyclopedia",
   year = "2015",
   url = "\url{https://en.wikipedia.org/w/index.php?title=Decision_tree_learning&oldid=673463734}",
   note = "[Online; accessed 28-August-2015]"
 }

@electronic{ocw:svm,
	author        = "Patrick Winston",
	title         = "Artificial Intelligence",
	url           = "http://ocw.mit.edu/courses/electrical-engineering-and-computer-science/6-034-artificial-intelligence-fall-2010",
	year          = "2010"
}

@electronic{opencv,
	author        = "itseez",
	title         = "OpenCV",
	url           = "http://opencv.org",
	year          = "2015"
}

@electronic{caffe:cl,
author={Yangqing Jia and Eva Shelhamer},
title={Caffe-Layer Catalogue},
url={http://caffe.berkeleyvision.org/tutorial/layers.html},
year={2015}}

@electronic{caffe:site,
author={Yangqing Jia and Eva Shelhamer},
title={Caffe},
url={http://caffe.berkeleyvision.org/},
year={2015}}


@electronic{svms:ann,
	author        = "Unknown Author",
	title         = "Support Vector Machines vs Artificial Neural Networks",
	url           = "http://svms.org/anns.html",
	year          = "2014"
}

@electronic{spamexample,
	author        = "419 Eater",
	title         = "Harry Potter and the Well of Scammers",
	url           = "http://www.419eater.com/html/joyce_ozioma.htm",
	year          = "2006"
}


@incollection{ComputerVision:Farhadi,
	year={2010},
	isbn={978-3-642-15560-4},
	booktitle={Computer Vision – ECCV 2010},
	volume={6314},
	series={Lecture Notes in Computer Science},
	editor={Daniilidis, Kostas and Maragos, Petros and Paragios, Nikos},
	doi={10.1007/978-3-642-15561-1_2},
	title={Every Picture Tells a Story: Generating Sentences from Images},
	publisher={Springer Berlin Heidelberg},
	author={Farhadi, Ali and Hejrati, Mohsen and Sadeghi, MohammadAmin and Young, Peter and Rashtchian, Cyrus and Hockenmaier, Julia and Forsyth, David},
	pages={15-29},
	language={English}
}

@book{Haykin:nn,
	author={Simon Haykin},
	title={Neural Networks - A Comprehensive Approach},
	publisher={Pearson Prentice Hall},
	year={2005}
}

@inproceedings{bleu,
 author = {Papineni, Kishore and Roukos, Salim and Ward, Todd and Zhu, Wei-Jing},
 title = {BLEU: A Method for Automatic Evaluation of Machine Translation},
 booktitle = {Proceedings of the 40th Annual Meeting on Association for Computational Linguistics},
 series = {ACL '02},
 year = {2002},
 location = {Philadelphia, Pennsylvania},
 pages = {311--318},
 numpages = {8},
 url = {http://dx.doi.org/10.3115/1073083.1073135},
 doi = {10.3115/1073083.1073135},
 acmid = {1073135},
 publisher = {Association for Computational Linguistics},
 address = {Stroudsburg, PA, USA},
} 


@article{lrcnConference,
  author    = {Jeff Donahue and
               Lisa Anne Hendricks and
               Sergio Guadarrama and
               Marcus Rohrbach and
               Subhashini Venugopalan and
               Kate Saenko and
               Trevor Darrell},
  title     = {Long-term Recurrent Convolutional Networks for Visual Recognition
               and Description},
  journal   = {CoRR},
  volume    = {abs/1411.4389},
  year      = {2014},
  url       = {http://arxiv.org/abs/1411.4389},
  timestamp = {Mon, 01 Dec 2014 14:32:13 +0100},
  biburl    = {http://dblp.uni-trier.de/rec/bib/journals/corr/DonahueHGRVSD14},
  bibsource = {dblp computer science bibliography, http://dblp.org}
}


@inproceedings{Yang:1997:CSF:645526.657137,
	author = {Yang, Yiming and Pedersen, Jan O.},
	title = {A Comparative Study on Feature Selection in Text Categorization},
	booktitle = {Proceedings of the Fourteenth International Conference on Machine Learning},
	series = {ICML '97},
	year = {1997},
	isbn = {1-55860-486-3},
	pages = {412--420},
	numpages = {9},
	url = {http://dl.acm.org/citation.cfm?id=645526.657137},
	acmid = {657137},
	publisher = {Morgan Kaufmann Publishers Inc.},
	address = {San Francisco, CA, USA}
} 


@ARTICLE{ComputerVision:Kulkarni:babytalk,
author={Kulkarni, G. and Premraj, V. and Ordonez, V. and Dhar, S. and Siming Li and Yejin Choi and Berg, A.C. and Berg, T.L.},
journal={Pattern Analysis and Machine Intelligence, IEEE Transactions on},
title={BabyTalk: Understanding and Generating Simple Image Descriptions},
year={2013},
volume={35},
number={12},
pages={2891-2903},
doi={10.1109/TPAMI.2012.162},
ISSN={0162-8828},
month={Dec},}


@inproceedings{theano-scipy,
    author = {Bergstra, James and Breuleux, Olivier and Bastien, Fr{\'{e}}d{\'{e}}ric and Lamblin, Pascal and Pascanu, Razvan and Desjardins, Guillaume and Turian, Joseph and Warde-Farley, David and Bengio, Yoshua},
    booktitle = {Proceedings of the Python for Scientific Computing Conference ({SciPy})},
    citeulike-article-id = {9854222},
    citeulike-linkout-0 = {http://www.iro.umontreal.ca/\~{}lisa/pointeurs/theano\_scipy2010.pdf},
    comment = {Oral},
    location = {Austin, TX},
    month = jun,
    posted-at = {2011-10-05 07:44:26},
    priority = {2},
    title = {Theano: a {CPU} and {GPU} Math Expression Compiler},
    url = {http://www.iro.umontreal.ca/\~{}lisa/pointeurs/theano\_scipy2010.pdf},
    year = {2010}
}


@article{theano,
  author    = {Fr{\'{e}}d{\'{e}}ric Bastien and
               Pascal Lamblin and
               Razvan Pascanu and
               James Bergstra and
               Ian J. Goodfellow and
               Arnaud Bergeron and
               Nicolas Bouchard and
               David Warde{-}Farley and
               Yoshua Bengio},
  title     = {Theano: new features and speed improvements},
  journal   = {CoRR},
  volume    = {abs/1211.5590},
  year      = {2012},
  url       = {http://arxiv.org/abs/1211.5590},
  timestamp = {Sat, 01 Dec 2012 20:32:38 +0100},
  biburl    = {http://dblp.uni-trier.de/rec/bib/journals/corr/abs-1211-5590},
  bibsource = {dblp computer science bibliography, http://dblp.org}
}

@misc{rnn:wiki,
	author = "Wikipedia",
	title = "Recurrent neural network --- Wikipedia{,} The Free Encyclopedia",
	year = "2015",
	howpublished = "\url{http://en.wikipedia.org/w/index.php?title=Recurrent_neural_network&oldid=650368433}",
	note = "[Online; accessed 10-March-2015]"
}

@misc{ ComputerVision:wiki,
	author = "Wikipedia",
	title = "Computer vision --- Wikipedia{,} The Free Encyclopedia",
	year = "2015",
	howpublished = "\url{http://en.wikipedia.org/w/index.php?title=Computer_vision&oldid=660377971}",
	note = "[Online; accessed 9-May-2015]"
}
@unpublished{vinyalsemail,
	author = "Oriol Vinyals",
	title = "Subject: Regarding implementation details of your research paper, Show and Tell",
	howpublished="Personal Email Communication",
	note = "Email received on April 25, 2015"
}

@misc{weka,
   author = "Wikipedia",
   title = "Weka (machine learning) --- Wikipedia{,} The Free Encyclopedia",
   year = "2015",
   howpublished = "\url{https://en.wikipedia.org/w/index.php?title=Weka_(machine_learning)&oldid=676646672}",
   note = "[Online; accessed 28-August-2015]"
 }
 
 @misc{cntlm,
   author = "sourceforge.com",
   title = "{CNTLM} Authentication Proxy",
   year = "2015",
   howpublished = "\url{http://cntlm.sourceforge.net/}",
   note = "[Online; accessed 15-September-2015]"
 }
 
 @article{dropout,
  author  = {Nitish Srivastava and Geoffrey Hinton and Alex Krizhevsky and Ilya Sutskever and Ruslan Salakhutdinov},
  title   = {Dropout: A Simple Way to Prevent Neural Networks from Overfitting},
  journal = {Journal of Machine Learning Research},
  year    = {2014},
  volume  = {15},
  pages   = {1929-1958},
  url     = {http://jmlr.org/papers/v15/srivastava14a.html}
}

@misc{ipython,
   author = "--",
   title = "{Ipython}-Interactive computing",
   year = "2015",
   howpublished = "\url{http://ipython.org/notebook.html}",
   note = "[Online; accessed 16-September-2015]"
 }
 
@misc{gg,
   author = "--",
   title = "Google groups--Caffe users",
   year = "2015",
   howpublished = "\url{https://groups.google.com/d/forum/caffe-users}",
   note = "[Online; accessed 16-September-2015]"
 }
 
 @misc{nz,
   author = "Niu Zhiheng",
   title = "Github--Caffe",
   year = "2015",
   howpublished = "\url{https://github.com/niuzhiheng/caffe}",
   note = "[Online; accessed 16-September-2015]"
 } 
 
 @misc{neil,
   author = "Neil Z.Shao",
   title = "Build Caffe in Windows with Visual Studio 2013 + CUDA 6.5 + OpenCV 2.4.9",
   year = "2015",
   howpublished = "\url{https://initialneil.wordpress.com/2015/01/11/build-caffe-in-windows-with-visual-studio-2013-cuda-6-5-opencv-2-4-9/}",
   note = "[Online; accessed 16-September-2015]"
 } 